@mastersthesis{bakalarka,
  title={Návrh a implementace knihovny pro automatizaci testů verifikace průmyslové komunikace},
  author={Martin Štěpánek},
  type={Bakalářská práce},
  year={2021},
  school={České vysoké učení technické v Praze}
}

